
@online{plt_viridis,
  author = {},
  title = {Matplotlib's new colormaps},
  year = 2017,
  url = {https://bids.github.io/colormap/},
  urldate = {2017-05-05}
}


@online{plt_gallery,
  author = {},
  title = {Matplotlib Gallery},
  year = 2017,
  url = {https://matplotlib.org/gallery.html},
  urldate = {2017-05-05}
}


@article{rougier.ea2014,
    author = {Rougier, Nicolas P. AND Droettboom, Michael AND Bourne, Philip E.},
    journal = {PLOS Computational Biology},
    publisher = {Public Library of Science},
    title = {Ten Simple Rules for Better Figures},
    year = {2014},
    month = {09},
    volume = {10},
    url = {https://doi.org/10.1371/journal.pcbi.1003833},
    pages = {1-7},
    abstract = {},
    number = {9},
    doi = {10.1371/journal.pcbi.1003833}
}

@misc{rougier2015,
  author       = {Nicolas P. Rougier},
  title        = {matplotlib-tutorial: Version 1.0},
  month        = "August",
  year         = 2015,
  doi          = {10.5281/zenodo.28747},
  url          = {https://doi.org/10.5281/zenodo.28747}
}
